@ARTICLE{Luger2021,
       author = { {Luger}, Rodrigo and {Bedell}, Megan and {Foreman-Mackey}, Daniel and {Crossfield}, Ian J.~M. and {Zhao}, Lily L. and {Hogg}, David W.},
        title = "{Mapping stellar surfaces III: An Efficient, Scalable, and Open-Source Doppler Imaging Model}",
      journal = {arXiv e-prints},
     keywords = {Astrophysics - Solar and Stellar Astrophysics, Astrophysics - Earth and Planetary Astrophysics, Astrophysics - Instrumentation and Methods for Astrophysics},
         year = 2021,
        month = oct,
          eid = {arXiv:2110.06271},
        pages = {arXiv:2110.06271},
archivePrefix = {arXiv},
       eprint = {2110.06271},
 primaryClass = {astro-ph.SR},
       adsurl = {https://ui.adsabs.harvard.edu/abs/2021arXiv211006271L},
      adsnote = {Provided by the SAO/NASA Astrophysics Data System}
}
@ARTICLE{smallwood2021,
       author = {{Smallwood}, Jeremy L. and {Martin}, Rebecca G. and {Livio}, Mario and {Veras}, Dimitri},
        title = "{On the role of resonances in polluting white dwarfs by asteroids}",
      journal = {\mnras},
     keywords = {minor planets, asteroids: general, planets and satellites: dynamical evolution and stability, stars: AGB and post-AGB, white dwarfs, Astrophysics - Earth and Planetary Astrophysics, Astrophysics - Solar and Stellar Astrophysics},
         year = 2021,
        month = jul,
       volume = {504},
       number = {3},
        pages = {3375-3386},
          doi = {10.1093/mnras/stab1077},
archivePrefix = {arXiv},
       eprint = {2104.06692},
 primaryClass = {astro-ph.EP},
       adsurl = {https://ui.adsabs.harvard.edu/abs/2021MNRAS.504.3375S},
      adsnote = {Provided by the SAO/NASA Astrophysics Data System}
}
@ARTICLE{xu2017,
       author = {{Xu}, S. and {Zuckerman}, B. and {Dufour}, P. and {Young}, E.~D. and {Klein}, B. and {Jura}, M.},
        title = "{The Chemical Composition of an Extrasolar Kuiper-Belt-Object}",
      journal = {\apjl},
     keywords = {Kuiper belt: general, planetary systems, stars: abundances, white dwarfs, Astrophysics - Earth and Planetary Astrophysics, Astrophysics - Solar and Stellar Astrophysics},
         year = 2017,
        month = feb,
       volume = {836},
       number = {1},
          eid = {L7},
        pages = {L7},
          doi = {10.3847/2041-8213/836/1/L7},
archivePrefix = {arXiv},
       eprint = {1702.02868},
 primaryClass = {astro-ph.EP},
       adsurl = {https://ui.adsabs.harvard.edu/abs/2017ApJ...836L...7X},
      adsnote = {Provided by the SAO/NASA Astrophysics Data System}
}
@ARTICLE{klein2021,
       author = {{Klein}, Beth L. and {Doyle}, Alexandra E. and {Zuckerman}, B. and {Dufour}, P. and {Blouin}, Simon and {Melis}, Carl and {Weinberger}, Alycia J. and {Young}, Edward D.},
        title = "{Discovery of Beryllium in White Dwarfs Polluted by Planetesimal Accretion}",
      journal = {\apj},
     keywords = {White dwarf stars, Abundance ratios, Overabundances, High resolution spectroscopy, Stellar spectral lines, Stellar accretion, Planetesimals, Extrasolar rocky planets, 1799, 11, 1192, 2096, 1630, 1578, 1259, 511, Astrophysics - Solar and Stellar Astrophysics, Astrophysics - Earth and Planetary Astrophysics},
         year = 2021,
        month = jun,
       volume = {914},
       number = {1},
          eid = {61},
        pages = {61},
          doi = {10.3847/1538-4357/abe40b},
archivePrefix = {arXiv},
       eprint = {2102.01834},
 primaryClass = {astro-ph.SR},
       adsurl = {https://ui.adsabs.harvard.edu/abs/2021ApJ...914...61K},
      adsnote = {Provided by the SAO/NASA Astrophysics Data System}
}
@ARTICLE{johnson2022,
       author = {{Johnson}, Ted M. and {Klein}, Beth L. and {Koester}, D. and {Melis}, Carl and {Zuckerman}, B. and {Jura}, M.},
        title = "{Unusual Abundances from Planetary System Material Polluting the White Dwarf G238-44}",
      journal = {\apj},
     keywords = {Exoplanet systems, Stellar abundances, White dwarf stars, Planetary dynamics, 484, 1577, 1799, 2173, Astrophysics - Earth and Planetary Astrophysics, Astrophysics - Solar and Stellar Astrophysics},
         year = 2022,
        month = dec,
       volume = {941},
       number = {2},
          eid = {113},
        pages = {113},
          doi = {10.3847/1538-4357/aca089},
archivePrefix = {arXiv},
       eprint = {2211.02673},
 primaryClass = {astro-ph.EP},
       adsurl = {https://ui.adsabs.harvard.edu/abs/2022ApJ...941..113J},
      adsnote = {Provided by the SAO/NASA Astrophysics Data System}
}
@ARTICLE{doyle2021,
       author = {{Doyle}, Alexandra E. and {Desch}, Steven J. and {Young}, Edward D.},
        title = "{Icy Exomoons Evidenced by Spallogenic Nuclides in Polluted White Dwarfs}",
      journal = {\apjl},
     keywords = {White dwarf stars, Natural satellites (Extrasolar), Cosmic rays, 1799, 483, 329, Astrophysics - Earth and Planetary Astrophysics, Astrophysics - Solar and Stellar Astrophysics},
         year = 2021,
        month = feb,
       volume = {907},
       number = {2},
          eid = {L35},
        pages = {L35},
          doi = {10.3847/2041-8213/abd9ba},
archivePrefix = {arXiv},
       eprint = {2102.01835},
 primaryClass = {astro-ph.EP},
       adsurl = {https://ui.adsabs.harvard.edu/abs/2021ApJ...907L..35D},
      adsnote = {Provided by the SAO/NASA Astrophysics Data System}
}
@ARTICLE{bonsor2011,
       author = {{Bonsor}, A. and {Mustill}, A.~J. and {Wyatt}, M.~C.},
        title = "{Dynamical effects of stellar mass-loss on a Kuiper-like belt}",
      journal = {\mnras},
     keywords = {Kuiper belt: general, planets and satellites: dynamical evolution and stability, circumstellar matter, planetary systems, white dwarfs, Astrophysics - Earth and Planetary Astrophysics},
         year = 2011,
        month = jun,
       volume = {414},
       number = {2},
        pages = {930-939},
          doi = {10.1111/j.1365-2966.2011.18524.x},
archivePrefix = {arXiv},
       eprint = {1102.3185},
 primaryClass = {astro-ph.EP},
       adsurl = {https://ui.adsabs.harvard.edu/abs/2011MNRAS.414..930B},
      adsnote = {Provided by the SAO/NASA Astrophysics Data System}
}
@ARTICLE{chen2019,
       author = {{Chen}, Cheng and {Smallwood}, Jeremy L. and {Martin}, Rebecca G. and {Livio}, Mario},
        title = "{Late Delivery of Nitrogen to the Earth}",
      journal = {\aj},
     keywords = {accretion, accretion disks, comets: general, Kuiper belt: general, Astrophysics - Earth and Planetary Astrophysics},
         year = 2019,
        month = feb,
       volume = {157},
       number = {2},
          eid = {80},
        pages = {80},
          doi = {10.3847/1538-3881/aaf96a},
archivePrefix = {arXiv},
       eprint = {1812.06956},
 primaryClass = {astro-ph.EP},
       adsurl = {https://ui.adsabs.harvard.edu/abs/2019AJ....157...80C},
      adsnote = {Provided by the SAO/NASA Astrophysics Data System}
}
@ARTICLE{nesvorny2000,
       author = {{Nesvorn{\'y}}, D. and {Roig}, F.},
        title = "{Mean Motion Resonances in the Trans-neptunian Region. I. The 2:3 Resonance with Neptune}",
      journal = {\icarus},
         year = 2000,
        month = nov,
       volume = {148},
       number = {1},
        pages = {282-300},
          doi = {10.1006/icar.2000.6480},
       adsurl = {https://ui.adsabs.harvard.edu/abs/2000Icar..148..282N},
      adsnote = {Provided by the SAO/NASA Astrophysics Data System}
}




